<record><leader>00000cas a22000007a 4500</leader><controlfield tag="001">16830240</controlfield><controlfield tag="008">871008d19411987iaudn ne      0    0eng d</controlfield><datafield ind1=" " ind2=" " tag="010"><subfield code="a">sn 87057848 </subfield></datafield><datafield ind1=" " ind2=" " tag="040"><subfield code="a">INP</subfield><subfield code="b">eng</subfield><subfield code="c">INP</subfield><subfield code="d">NSD</subfield><subfield code="d">OCLCQ</subfield></datafield><datafield ind1=" " ind2=" " tag="042"><subfield code="a">msc</subfield></datafield><datafield ind1="0" ind2="0" tag="245"><subfield code="a">Carroll daily times herald.</subfield></datafield><datafield ind1="1" ind2="3" tag="246"><subfield code="a">Daily times herald</subfield></datafield><datafield ind1="1" ind2="7" tag="246"><subfield code="a">Times herald</subfield></datafield><datafield ind1="1" ind2="7" tag="246"><subfield code="a">Carroll times herald</subfield></datafield><datafield ind1=" " ind2=" " tag="260"><subfield code="a">Carroll, Iowa :</subfield><subfield code="b">Herald Pub. Co.,</subfield><subfield code="c">-1987.</subfield></datafield><datafield ind1=" " ind2=" " tag="300"><subfield code="a">v.</subfield></datafield><datafield ind1=" " ind2=" " tag="310"><subfield code="a">Daily (except Saturdays, Sundays and holidays other than Washington's birthday and Veteran's Day),</subfield><subfield code="b">&lt;Oct. 1975&gt;-1987</subfield></datafield><datafield ind1=" " ind2=" " tag="321"><subfield code="a">Daily (except Sunday),</subfield><subfield code="b">1949-&lt;1969&gt;</subfield></datafield><datafield ind1="1" ind2=" " tag="362"><subfield code="a">Began in 1941.</subfield></datafield><datafield ind1="0" ind2=" " tag="362"><subfield code="a">-v. 118, no. 150 (July 31, 1987).</subfield></datafield><datafield ind1=" " ind2=" " tag="588"><subfield code="a">Description based on: Vol. 80, no. 257 (Nov. 1, 1949).</subfield></datafield><datafield ind1=" " ind2=" " tag="752"><subfield code="a">United States</subfield><subfield code="b">Iowa</subfield><subfield code="c">Carroll</subfield><subfield code="d">Carroll.</subfield></datafield><datafield ind1="0" ind2="4" tag="780"><subfield code="t">Carroll times</subfield></datafield><datafield ind1="0" ind2="4" tag="780"><subfield code="t">Carroll daily herald</subfield></datafield><datafield ind1="0" ind2="0" tag="785"><subfield code="t">Times herald (Carroll, Iowa)</subfield><subfield code="x">1080-6997</subfield><subfield code="w">(DLC)sn 87057849</subfield></datafield></record>